@inproceedings{aiSelfAttentionBasedFusion2023,
  author = {Ai, Yang and Li, Yinhao and Jain, Rahul Kumar and Chen, Yen-Wei},
  title = {A Self-Attention Based Fusion Model of Radiomics and Deep Features for Early Recurrence Prediction in NSCLC},
  booktitle = {2023 IEEE 12th Global Conference on Consumer Electronics (GCCE)},
  year = {2023},
  pages = {833--837},
  publisher = {IEEE}
}
--------------------------------------------------------
